@inproceedings{leurent2019interval,
	author    = {Leurent, E. and Efimov, D. and Ra\"issi, T. and Perruquetti, W.},
	title     = {Interval Prediction for Continuous-Time Systems with Parametric Uncertainties},
	booktitle = {Proc. IEEE Conference on Decision and Control (CDC)},
	year      = {2019},
	address   = {Nice},
}

@article{Efimov_a2013,
  author = {Efimov, D. and Ra\"issi, T. and Chebotarev, S. and Zolghadri, A.},
  title = {Interval State Observer for Nonlinear Time Varying Systems},
  journal = {Automatica},
  year = {2013},
  volume = {49},
  pages = {200--205},
  number = {1},
  owner = {EfDe},
  timestamp = {2013.01.08}
}

@unpublished{maillard2016,
  TITLE = {{Self-normalization techniques for streaming confident regression}},
  AUTHOR = {Maillard, Odalric-Ambrym},
  URL = {https://hal.archives-ouvertes.fr/hal-01349727},
  NOTE = {working paper or preprint},
  YEAR = {2016},
  MONTH = May,
  KEYWORDS = {regression ; dependent variables ; Concentration inequalities ; self-normalized ; sequential prediction},
  HAL_ID = {hal-01349727},
  HAL_VERSION = {v1},
}

@incollection{Abbasi2011,
title = {Improved Algorithms for Linear Stochastic Bandits},
author = {Yasin Abbasi-yadkori and P\'{a}l, D\'{a}vid and Csaba Szepesv\'{a}ri},
booktitle = {Advances in Neural Information Processing Systems 24},
editor = {J. Shawe-Taylor and R. S. Zemel and P. L. Bartlett and F. Pereira and K. Q. Weinberger},
pages = {2312--2320},
year = {2011},
publisher = {Curran Associates, Inc.},
url = {http://papers.nips.cc/paper/4417-improved-algorithms-for-linear-stochastic-bandits.pdf}
}

@inproceedings{kirschner18heteroscedastic,
	Author = {Johannes Kirschner and Andreas Krause},
	Booktitle = {Proc. International Conference on Learning Theory (COLT)},
	Month = {July},
	Title = {Information Directed Sampling and Bandits with Heteroscedastic Noise},
	Year = {2018}}