@inproceedings{Bubeck2010,
author = {Bubeck, S{\'{e}}bastien and Munos, R{\'{e}}mi},
booktitle = {Proc. of COLT},
title = {{Open Loop Optimistic Planning}},
year = {2010}
}

@inproceedings{Garivier2011,
  title={The KL-UCB algorithm for bounded stochastic bandits and beyond},
  author={Garivier, Aur{\'e}lien and Capp{\'e}, Olivier},
  booktitle={Proc. of COLT},
  year={2011}
}

@article{Cappe2013,
author = {Capp{\'{e}}, Olivier and Garivier, Aur{\'{e}}lien and Maillard, Odalric-Ambrym and Munos, R{\'{e}}mi and Stoltz, Gilles},
journal = {The Annals of Statistics},
number = {3},
pages = {1516--1541},
title = {{Kullback-Leibler Upper Confidence Bounds for Optimal Sequential Allocation}},
volume = {41},
year = {2013}
}


@inproceedings{Coulom2006,
  TITLE = {{Efficient Selectivity and Backup Operators in Monte-Carlo Tree Search}},
  AUTHOR = {Coulom, R{\'e}mi},
  BOOKTITLE = {{Proc. of International Conference on Computer and Games}},
  YEAR = {2006},
}

@inproceedings{Kocsis2006,
 author = {Kocsis, Levente and Szepesv\'{a}ri, Csaba},
 title = {Bandit Based Monte-carlo Planning},
 booktitle = {Proc. of ECML PKDD},
 year = {2006}
}

@article{Coquelin2007,
author = {Coquelin, Pierre-Arnaud and Munos, R{\'{e}}mi},
title = {{Bandit Algorithms for Tree Search}},
journal = {Proc. of UAI},
year = {2007}
}

@article{Bellman1957,
author = {Bellman, Richard},
title = {{Dynamic Programming}},
journal = {Princeton University Press},
year = {1957}
}

@inproceedings{Kearns2002,
author = {Kearns, Michael and Mansour, Yishay and Ng, Andrew Y.},
booktitle = {Proc. of IJCAI},
title = {{A sparse sampling algorithm for near-optimal planning in large Markov decision processes}},
year = {2002}
}

@article{Hren2008,
author = {Hren, Jean Fran{\c{c}}ois and Munos, R{\'{e}}mi},
journal = {Lecture Notes in Computer Science},
title = {{Optimistic planning of deterministic systems}},
year = {2008}
}

@inproceedings{Szorenyi2014,
author = {Szorenyi, B. and Kedenburg, G. and Munos, R.},
booktitle = {Proc. of NeurIPS},
title = {{Optimistic planning in Markov decision processes using a generative model}},
year = {2014}
}

@inproceedings{Grill2016,
author = {Grill, Jean-Bastien and Valko, Michal and Munos, R{\'{e}}mi},
booktitle = {Proc. of NeurIPS},
title = {{Blazing the trails before beating the path: Sample-efficient Monte-Carlo planning}},
year = {2016}
}

@article{Leurent2018,
author = {Leurent, Edouard and Blanco, Yann and Efimov, Denis and Maillard, Odalric-Ambrym},
journal = {NeurIPS Machine Learning for Intelligent Transportation Systems Workshop},
title = {{Approximate Robust Control of Uncertain Dynamical Systems}},
year = {2018}
}

@misc{gym_minigrid,
  author = {Chevalier-Boisvert, Maxime and Willems, Lucas and Pal, Suman},
  title = {Minimalistic Gridworld Environment for OpenAI Gym},
  year = {2018},
  howpublished = {\url{https://github.com/maximecb/gym-minigrid}},
}

@article{Munos2014,
author = {Munos, Remi},
journal = {Foundations and Trends{\textregistered} in Machine Learning},
title = {{From Bandits to Monte-Carlo Tree Search: The Optimistic Principle Applied to Optimization and Planning}},
year = {2014}
}

@article{Busoniu2013,
author = {Buşoniu, Lucian and Daniels, Alexander and Munos, Remi and Babuska, Robert},
journal = {IEEE Symposium on Adaptive Dynamic Programming and Reinforcement Learning, ADPRL},
title = {{Optimistic planning for continuous-action deterministic systems}},
year = {2013}
}

@article{Busoniu2018,
author = {Buşoniu, Lucian and P{\'{a}}ll, Előd and Munos, R{\'{e}}mi},
issn = {00051098},
journal = {Automatica},
number = {December},
pages = {100--108},
title = {{Continuous-action planning for discounted infinite-horizon nonlinear optimal control with Lipschitz values}},
volume = {92},
year = {2018}
}

@misc{highway-env,
  author = {Leurent, Edouard},
  title = {An Environment for Autonomous Driving Decision-Making},
  year = {2018},
  publisher = {GitHub},
  journal = {GitHub repository},
  howpublished = {\url{https://github.com/eleurent/highway-env}},
}

@article{Silver2016,
title	= {Mastering the game of Go with deep neural networks and tree search},
author	= {David Silver and Aja Huang and Christopher J. Maddison and Arthur Guez and Laurent Sifre and George van den Driessche and Julian Schrittwieser and Ioannis Antonoglou and Veda Panneershelvam and Marc Lanctot and Sander Dieleman and Dominik Grewe and John Nham and Nal Kalchbrenner and Ilya Sutskever and Timothy Lillicrap and Madeleine Leach and Koray Kavukcuoglu and Thore Graepel and Demis Hassabis},
year	= {2016},
journal	= {Nature},
pages	= {484--503},
volume	= {529}
}

@article{Silver2017,
  title={Mastering the game of go without human knowledge},
  author={Silver, David and Schrittwieser, Julian and Simonyan, Karen and Antonoglou, Ioannis and Huang, Aja and Guez, Arthur and Hubert, Thomas and Baker, Lucas and Lai, Matthew and Bolton, Adrian and others},
  journal={Nature},
  volume={550},
  number={7676},
  pages={354},
  year={2017},
  publisher={Nature Publishing Group}
}

@article {Silver2018,
	author = {Silver, David and Hubert, Thomas and Schrittwieser, Julian and Antonoglou, Ioannis and Lai, Matthew and Guez, Arthur and Lanctot, Marc and Sifre, Laurent and Kumaran, Dharshan and Graepel, Thore and Lillicrap, Timothy and Simonyan, Karen and Hassabis, Demis},
	title = {A general reinforcement learning algorithm that masters chess, shogi, and Go through self-play},
	volume = {362},
	number = {6419},
	pages = {1140--1144},
	year = {2018},
	publisher = {American Association for the Advancement of Science},
	issn = {0036-8075},
	journal = {Science}
}

@inproceedings{kirschner18heteroscedastic,
	Author = {Johannes Kirschner and Andreas Krause},
	Booktitle = {Proc. International Conference on Learning Theory (COLT)},
	Month = {July},
	Title = {Information Directed Sampling and Bandits with Heteroscedastic Noise},
	Year = {2018}}

@incollection{Abbasi2011,
	title = {Improved Algorithms for Linear Stochastic Bandits},
	author = {Yasin Abbasi-yadkori and P\'{a}l, D\'{a}vid and Csaba Szepesv\'{a}ri},
	booktitle = {Advances in Neural Information Processing Systems 24},
	editor = {J. Shawe-Taylor and R. S. Zemel and P. L. Bartlett and F. Pereira and K. Q. Weinberger},
	pages = {2312--2320},
	year = {2011},
	publisher = {Curran Associates, Inc.},
	url = {http://papers.nips.cc/paper/4417-improved-algorithms-for-linear-stochastic-bandits.pdf}
}

@ARTICLE{EFRZS12,
	author = {Efimov, D. and Fridman, L.M. and Ra\"issi, T. and Zolghadri, A. and
	Seydou, R.},
	title = {Interval Estimation for {LPV} Systems Applying High Order Sliding
	Mode Techniques},
	journal = {Automatica},
	year = {2012},
	volume = {48},
	pages = {2365--2371},
	doi = {10.1016/j.automatica.2012.06.073},
	owner = {EfDe},
	timestamp = {2012.07.24}
}

@inproceedings{carrara2019budgeted,
    title={Budgeted Reinforcement Learning in Continuous State Space},
    author={Nicolas Carrara and Edouard Leurent and Romain Laroche and Tanguy Urvoy and Odalric-Ambrym Maillard and Olivier Pietquin},
    booktitle={Advances in Neural Information Processing Systems 32},
    year={2019}
}

@inproceedings{leurent2019social,
    title = {Social Attention for Autonomous Decision-Making in Dense Traffic},
    author = {Edouard Leurent and Jean Mercat},
    year = {2019},
    booktitle = {Machine Learning for Autonomous Driving Workshop at NeurIPS 2019},
}

@inproceedings{leurent2019interval,
	author    = {Leurent, Edouard and Efimov, Denis and Ra\"issi, Tarek. and Perruquetti, Wilfrid},
	title     = {Interval Prediction for Continuous-Time Systems with Parametric Uncertainties},
	booktitle = {Proceedings of the IEEE Conference on Decision and Control (CDC)},
	year      = {2019},
	address   = {Nice},
}

@inproceedings{leurent2019practical,
    title={Practical Open-Loop Optimistic Planning},
    author={Edouard Leurent and Odalric-Ambrym Maillard},
    year={2019},
    booktitle={Proceedings of the 19th European Conference on Machine Learning and Principles and Practice (ECML-PKDD)}
}

@inproceedings{leurent2018approximate,
    title={Approximate Robust Control of Uncertain Dynamical Systems},
    author={Edouard Leurent and Yann Blanco and Denis Efimov and Odalric-Ambrym Maillard},
    year={2018},
 	booktitle={Machine Learning for Intelligent Transportation Systems Workshop at NeurIPS 2018}
}

